@article{Tu,
	title={On dynamic mode decomposition: theory and applications},
	author={Tu, Jonathan H and Rowley, Clarence W and Luchtenburg, Dirk M and Brunton, Steven L and Kutz, J Nathan},
	journal={arXiv preprint arXiv:1312.0041},
	year={2013}
}
@article{jovanovic,
	title={Low-rank and sparse dynamic mode decomposition},
	author={Jovanovic, MR and Schmid, PJ and Nichols, JW},
	journal={Center for Turbulence Research Annual Research Briefs},
	volume={2012},
	pages={139--152},
	year={2012},
	publisher={Center for Turbulence Research, Stanford Univ. Stanford, CA}
}

@article{dmdVariants,
	title={Variants of dynamic mode decomposition: boundary condition, Koopman, and Fourier analyses},
	author={Chen, Kevin K and Tu, Jonathan H and Rowley, Clarence W},
	journal={Journal of nonlinear science},
	volume={22},
	number={6},
	pages={887--915},
	year={2012},
	publisher={Springer}}
@article{schmid08,
	title={Dynamic Mode Decomposition of numerical and experimental data},
	author={Schmid, PJ and Sesterhenn, JL},
	journal={Bull. Amer. Phys. Soc},
	year={2008}
}
